<record xmlns="http://www.loc.gov/MARC21/slim">
   <leader>02707cam a2200481 i 4500</leader>
   <controlfield tag="001">6769169</controlfield>
   <controlfield tag="003">OCoLC</controlfield>
   <controlfield tag="005">20141218145506.0</controlfield>
   <controlfield tag="008">140428t20152015nyuab    b    001 0 eng  </controlfield>
   <datafield ind1=" " ind2=" " tag="010">
      <subfield code="a">  2014009877</subfield>
   </datafield>
   <datafield ind1=" " ind2=" " tag="015">
      <subfield code="a">GBB3A9269</subfield>
      <subfield code="2">bnb</subfield>
   </datafield>
   <datafield ind1="7" ind2=" " tag="016">
      <subfield code="a">016557673</subfield>
      <subfield code="2">Uk</subfield>
   </datafield>
   <datafield ind1=" " ind2=" " tag="020">
      <subfield code="a">9780415645348</subfield>
      <subfield code="q">hardcover</subfield>
   </datafield>
   <datafield ind1=" " ind2=" " tag="020">
      <subfield code="a">0415645344</subfield>
      <subfield code="q">hardcover</subfield>
   </datafield>
   <datafield ind1=" " ind2=" " tag="020">
      <subfield code="a">9780415645355</subfield>
      <subfield code="q">paperback</subfield>
   </datafield>
   <datafield ind1=" " ind2=" " tag="020">
      <subfield code="a">0415645352</subfield>
      <subfield code="q">paperback</subfield>
   </datafield>
   <datafield ind1=" " ind2=" " tag="020">
      <subfield code="z">9780203074015</subfield>
      <subfield code="q">electronic bk.</subfield>
   </datafield>
   <datafield ind1=" " ind2=" " tag="040">
      <subfield code="a">DLC</subfield>
      <subfield code="e">rda</subfield>
      <subfield code="b">eng</subfield>
      <subfield code="c">DLC</subfield>
      <subfield code="d">YDX</subfield>
      <subfield code="d">BDX</subfield>
      <subfield code="d">YDXCP</subfield>
      <subfield code="d">OCLCO</subfield>
      <subfield code="d">UKMGB</subfield>
      <subfield code="d">UAB</subfield>
   </datafield>
   <datafield ind1=" " ind2=" " tag="042">
      <subfield code="a">pcc</subfield>
   </datafield>
   <datafield ind1="0" ind2="0" tag="050">
      <subfield code="a">LB2824</subfield>
      <subfield code="b">.A45 2015</subfield>
   </datafield>
   <datafield ind1="0" ind2="0" tag="082">
      <subfield code="a">379.1/3</subfield>
      <subfield code="2">23</subfield>
   </datafield>
   <datafield ind1=" " ind2=" " tag="084">
      <subfield code="a">EDU032000</subfield>
      <subfield code="2">bisacsh</subfield>
   </datafield>
   <datafield ind1=" " ind2=" " tag="090">
      <subfield code="a">LB 2824 A45 2015</subfield>
      <subfield code="b">AEU</subfield>
   </datafield>
   <datafield ind1="1" ind2=" " tag="100">
      <subfield code="a">Alexander, Kern,</subfield>
      <subfield code="e">author.</subfield>
   </datafield>
   <datafield ind1="1" ind2="0" tag="245">
      <subfield code="a">Financing public schools :</subfield>
      <subfield code="b">theory, policy, and practice /</subfield>
      <subfield code="c">Kern Alexander, Richard G. Salmon, and F. King Alexander.</subfield>
   </datafield>
   <datafield ind1=" " ind2="1" tag="264">
      <subfield code="a">New York, NY :</subfield>
      <subfield code="b">Routledge, Taylor &amp; Francis Group,</subfield>
      <subfield code="c">2015.</subfield>
   </datafield>
   <datafield ind1=" " ind2="4" tag="264">
      <subfield code="c">©2015</subfield>
   </datafield>
   <datafield ind1=" " ind2=" " tag="300">
      <subfield code="a">xxiii, 485 pages :</subfield>
      <subfield code="b">illustrations, maps ;</subfield>
      <subfield code="c">25 cm</subfield>
   </datafield>
   <datafield ind1=" " ind2=" " tag="336">
      <subfield code="a">text</subfield>
      <subfield code="2">rdacontent</subfield>
   </datafield>
   <datafield ind1=" " ind2=" " tag="337">
      <subfield code="a">unmediated</subfield>
      <subfield code="2">rdamedia</subfield>
   </datafield>
   <datafield ind1=" " ind2=" " tag="338">
      <subfield code="a">volume</subfield>
      <subfield code="2">rdacarrier</subfield>
   </datafield>
   <datafield ind1=" " ind2=" " tag="504">
      <subfield code="a">Includes bibliographical references and index.</subfield>
   </datafield>
   <datafield ind1=" " ind2=" " tag="520">
      <subfield code="a">"Financing Public Schools moves beyond the basics of financing public elementary and secondary education to explore the historical, philosophical, and legal underpinnings of a viable public school system. Coverage includes the operational aspects of school finance, including issues regarding teacher salaries and pensions, budgeting for instructional programs, school transportation, and risk management. Diving deeper than other school finance books, the authors explore the political framework within which the schools must function, discuss the privatization of education and its effects on public schools, offer perspectives regarding education as an investment in human capital, and expertly explain complex financial and economic issues. This comprehensive text provides the tools to apply the many and varied fiscal concepts and practices that are essential for aspiring public school administrators who aim to provide responsible stewardship for their students"--</subfield>
      <subfield code="c">Provided by publisher.</subfield>
   </datafield>
   <datafield ind1=" " ind2=" " tag="596">
      <subfield code="a">41</subfield>
   </datafield>
   <datafield ind1=" " ind2="0" tag="650">
      <subfield code="a">Education</subfield>
      <subfield code="x">Finance.</subfield>
   </datafield>
   <datafield ind1=" " ind2="0" tag="650">
      <subfield code="a">Education and state.</subfield>
   </datafield>
   <datafield ind1=" " ind2="0" tag="650">
      <subfield code="a">School management and organization.</subfield>
   </datafield>
   <datafield ind1=" " ind2="0" tag="650">
      <subfield code="a">Educational leadership.</subfield>
   </datafield>
   <datafield ind1=" " ind2="0" tag="650">
      <subfield code="a">Education</subfield>
      <subfield code="x">Philosophy.</subfield>
   </datafield>
   <datafield ind1="1" ind2=" " tag="700">
      <subfield code="a">Salmon, Richard G.,</subfield>
      <subfield code="d">1938-</subfield>
      <subfield code="e">author.</subfield>
   </datafield>
   <datafield ind1="1" ind2=" " tag="700">
      <subfield code="a">Alexander, F. King</subfield>
      <subfield code="q">(Fieldon King),</subfield>
      <subfield code="e">author.</subfield>
   </datafield>
   <datafield ind1=" " ind2=" " tag="949">
      <subfield code="a">LB 2824 A45 2015</subfield>
      <subfield code="c">1</subfield>
      <subfield code="h">UAED-B</subfield>
      <subfield code="i">0162035210655</subfield>
   </datafield>
   <datafield ind1=" " ind2=" " tag="926">
      <subfield code="a">LB 2824 A45 2015</subfield>
      <subfield code="w">LC</subfield>
      <subfield code="c">1</subfield>
      <subfield code="i">0162035210655</subfield>
      <subfield code="d">4/15/2015</subfield>
      <subfield code="e">2/8/2015</subfield>
      <subfield code="l">FLOOR_2</subfield>
      <subfield code="m">UAEDUC</subfield>
      <subfield code="n">1</subfield>
      <subfield code="p">$150.00</subfield>
      <subfield code="r">Y</subfield>
      <subfield code="s">Y</subfield>
      <subfield code="t">BOOK</subfield>
      <subfield code="u">1/9/2015</subfield>
   </datafield>
</record>
